    @webpage{HadoopSpark,
      key =          "HadoopSpark",
      author =       "Reynold Xin",
      title =        "Apache Spark Officially Sets a New Record in Large-Scale Sorting",
      howpublished = "online",
      year =         "2014",
      url =          "https://databricks.com/blog/2014/11/05/spark-officially-sets-a-new-record-in-large-scale-sorting.html",
      cited =        "2021-12-09"
    }
    
    
    
    @MASTERSTHESIS{Sparkdip1,
      author = {Béder, Michal},
      type = {Diplomová práce},
      title = {Zpracování síťové komunikace v prostředí Apache Spark},
      school = {Vysok{\'{e}} u{\v{c}}en{\'{i}} technick{\'{e}} v Brn{\v{e}}, Fakulta informa{\v{c}}n{\'{i}}ch technologi{\'{i}}},
      year = {2018},
      location = {Brno, CZ},
      language = {slovak},
      url = {https://www.vut.cz/studenti/zav-prace/detail/114695}
    }
    
    @MASTERSTHESIS{dip-umlprofile,
      author = {Pagáč, Jiří},
      type = {Diplomová práce},
      title = {UML profil pro modelování komponentových systémů},
      school = {Vysok{\'{e}} u{\v{c}}en{\'{i}} technick{\'{e}} v Brn{\v{e}}, Fakulta informa{\v{c}}n{\'{i}}ch technologi{\'{i}}},
      year = {2011},
      location = {Brno, CZ},
      language = {czech},
      url = {https://dspace.vutbr.cz/handle/11012/54141}
    }
    
    @webpage{githubbook,
      key =          "githubbook",
      author =       "Jacek Laskowski",
      title =        "The Internals of Apache Spark 3.2.0",
      howpublished = "online",
      year =         "2021",
      url =          "https://books.japila.pl/apache-spark-internals/",
      cited =        "2021-12-12"
    }
    
    
    
    
    @article{unified,
        key="unified",
        author = "Zaharia, Matei and Xin, Reynold S. and Wendell, Patrick and Das, Tathagata and Armbrust, Michael and Dave, Ankur and Meng, Xiangrui and Rosen, Josh and Venkataraman, Shivaram and Franklin, Michael J. and Ghodsi, Ali and Gonzalez, Joseph and Shenker, Scott and Stoica, Ion",
        title = {Apache Spark: A Unified Engine for Big Data Processing},
        year = {2016},
        issue_date = {November 2016},
        publisher = {Association for Computing Machinery},
        address = {New York, NY, USA},
        volume = {59},
        number = {11},
        issn = {0001-0782},
        url = {https://doi.org/10.1145/2934664},
        doi = {10.1145/2934664},
        abstract = {This open source computing framework unifies streaming, batch, and interactive big data workloads to unlock new applications.},
        journal = {Commun. ACM},
        month = {oct},
        pages = {56–65},
        numpages = {10}
    }
    
    @website{MLlib,
      title =        "Spark MLlib",
      howpublished = "online",
      url =          "https://spark.apache.org/mllib/",
      cited =        "2021-12-12"
    }
    
    @BOOK{LearningSpark,
      author =       "Jules S. Damji and Brooke Wenig and Tathagata Das and Denny Lee",
      title =        "Learning Spark, 2nd Edition",
      publisher =    "O'Reilly Media, Inc",
      year =         "2020",
      edition =      "2",
      isbn =         "9781492050049",
      timestamp =    "2022.12.09"
    }
    
    @inproceedings {rdds,
        author = {Matei Zaharia and Mosharaf Chowdhury and Tathagata Das and Ankur Dave and Justin Ma and Murphy McCauly and Michael J. Franklin and Scott Shenker and Ion Stoica},
        title = {Resilient Distributed Datasets: A Fault-Tolerant Abstraction for In-Memory Cluster Computing},
        booktitle = {9th {USENIX} Symposium on Networked Systems Design and Implementation ({NSDI} 12)},
        year = {2012},
        isbn = {978-931971-92-8},
        address = {San Jose, CA},
        pages = {15--28},
        url = {https://www.usenix.org/conference/nsdi12/technical-sessions/presentation/zaharia},
        publisher = {{USENIX} Association},
        month = apr,
    }
    
    
    @webpage{taleofthree,
      key =          "taleofthree",
      author =       "Jules Damji",
      title =        "A Tale of Three Apache Spark APIs: RDDs vs DataFrames and Datasets",
      howpublished = "online",
      year =         "2016",
      url =          "https://databricks.com/blog/2016/07/14/a-tale-of-three-apache-spark-apis-rdds-dataframes-and-datasets.html",
      cited =        "2021-12-12"
    }
    
    @webpage{sparkdataset,
      key =          "sparkdataset",
      author =       "Priya Pedamkar",
      title =        "Spark Dataset",
      howpublished = "online",
      url = "https://www.educba.com/spark-dataset/",
      cited =        "2021-12-12"
    }
    
      @webpage{papyrus,
      key =          "papyrus",
      author =       "Sébastien Gérard",
      title =        "PAPYRUS USER GUIDE SERIES: About UML profiling, version 1.0.0",
      howpublished = "online",
      year =         "2011",
      url = "https://www.eclipse.org/papyrus/resources/PapyrusUserGuideSeries_AboutUMLProfile_v1.0.0_d20120606.pdf",
      cited =        "2022-05-02"
      
    }
    
    
     @BOOK{learningUML,
      author =       "Kim Hamilton and Russell Miles",
      title =        "Learning UML 2.0",
      publisher =    "O'Reilly Media, Inc",
      year =         "2006",
      isbn =         "978-0-59-600982-3",
      timestamp =    "2022.12.12"
    }
    
     @webpage{vpuml,
      key =          "vpuml",
      title =        "UML Practical Guide - All you need to know about UML modeling",
      howpublished = "online",
      url = "https://www.visual-paradigm.com/guide/uml-unified-modeling-language/uml-practical-guide/",
      cited =        "2021-12-12"
    }
    
    
    @webpage{mda,
      key =          "mda",
      title =        "MDA® - THE ARCHITECTURE OF CHOICE FOR A CHANGING WORLD",
      howpublished = "online",
      url = "https://www.omg.org/mda/",
      cited =        "2021-12-16"
    }
    
      @webpage{vpprofile,
      key =          "vpprofile",
      title =        "What is Profile Diagram in UML?",
      howpublished = "online",
      url = "https://www.visual-paradigm.com/guide/uml-unified-modeling-language/what-is-profile-diagram/",
      cited =        "2021-12-16"
    }
    
    
    @webpage{spark-doc,
      key =          "spark-doc",
      title =        "Cluster Mode Overview",
      howpublished = "online",
      url = "https://spark.apache.org/docs/latest/cluster-overview.html",
      cited =        "2021-12-16"
    }
    
    
        @webpage{mofm2t,
      key =          "mofm2t",
      title =        "MOF Model to Text Transformation
Language, v1.0",
      howpublished = "online",
      url = "https://www.omg.org/spec/MOFM2T/1.0/PDF",
      year=2008,
      cited =        "2021-12-16"
    }
   
   
   
    @ARTICLE{pragma-mdd,
  author={Selic, B.},
  journal={IEEE Software}, 
  title={The pragmatics of model-driven development}, 
  year={2003},
  volume={20},
  number={5},
  pages={19-25},
  doi={10.1109/MS.2003.1231146}}
    
    @INPROCEEDINGS{mdd-mapreduce,
  author={Rajbhoj, Asha and Kulkarni, Vinay and Bellarykar, Nikhil},
  booktitle={2014 21st Asia-Pacific Software Engineering Conference}, 
  title={Early Experience with Model-Driven Development of MapReduce Based Big Data Application}, 
  year={2014},
  volume={1},
  number={},
  pages={94-97},
  doi={10.1109/APSEC.2014.23}}
  
  @INPROCEEDINGS{streamgen,
  author={Mansour, M. and Wolf, M. and Schwan, K.},
  booktitle={International Conference on Parallel Processing, 2004. ICPP 2004.}, 
  title={StreamGen: a workload generation tool for distributed information flow applications}, 
  year={2004},
  volume={},
  number={},
  pages={55-62 vol.1},
  doi={10.1109/ICPP.2004.1327904}}
  
  
  @MASTERSTHESIS{dip-mddspark,
      author = {Bútora, Matúš},
      type = {Diplomová práce},
      title = {Modelem řízený vývoj Spark úloh},
      school = {Vysok{\'{e}} u{\v{c}}en{\'{i}} technick{\'{e}} v Brn{\v{e}}, Fakulta informa{\v{c}}n{\'{i}}ch technologi{\'{i}}},
      year = {2019},
      location = {Brno, CZ},
      language = {czech},
      url = {https://dspace.vutbr.cz/xmlui/handle/11012/180380?locale-attribute=en}
    }
    
    @article{xuml,
author = {Balcer, Marc and Jacobson, Ivar},
year = {2002},
month = {01},
pages = {},
title = {Executable UML: A Foundation for Model-Driven Architectures},
isbn = {0201748045}
}